<record xmlns="http://www.loc.gov/MARC21/slim" xmlns:xsi="http://www.w3.org/2001/XMLSchema-instance" xsi:schemaLocation="http://www.loc.gov/MARC21/slim http://www.loc.gov/standards/marcxml/schema/MARC21slim.xsd"><leader>02220nam a2200481   4500</leader><controlfield tag="001">3170735</controlfield><controlfield tag="003">NNC</controlfield><controlfield tag="006">m        d        </controlfield><controlfield tag="007">cr cn |||m|||a</controlfield><controlfield tag="008">150223s1929    ua      o     000 0cara  </controlfield><datafield ind1=" " ind2=" " tag="040"><subfield code="a">NNU</subfield><subfield code="b">eng</subfield><subfield code="c">NNU</subfield></datafield><datafield ind1=" " ind2=" " tag="043"><subfield code="a">aw-----</subfield><subfield code="a">ff-----</subfield><subfield code="a">e-sp---</subfield></datafield><datafield ind1=" " ind2="4" tag="050"><subfield code="a">DS38.1</subfield><subfield code="b">.N35 1929x</subfield></datafield><datafield ind1="0" ind2="0" tag="060"><subfield code="a">BP</subfield><subfield code="b">N162t 1929</subfield></datafield><datafield ind1="1" ind2=" " tag="100"><subfield code="6">880-01</subfield><subfield code="a">Najja&#772;r, &#699;Abd al-Wahha&#772;b.</subfield></datafield><datafield ind1="1" ind2="3" tag="245"><subfield code="6">880-02</subfield><subfield code="a">al-Ta&#772;ri&#772;kh al-Isla&#772;m</subfield><subfield code="h">[electronic resource] :</subfield><subfield code="b">al-Khulafa&#772;&#700; al-Ra&#772;shidu&#772;n /</subfield><subfield code="c">ta&#700;li&#772;f &#699;Abd al-Wahha&#772;b al-Najja&#772;r.</subfield></datafield><datafield ind1=" " ind2=" " tag="260"><subfield code="6">880-03</subfield><subfield code="a">al-Qa&#772;hirah :</subfield><subfield code="b">al-Mat&#803;ba&#699;ah al-Salafi&#772;yah wa-Maktabatuha&#772;,</subfield><subfield code="c">1348 [1929 or 1930]</subfield></datafield><datafield ind1=" " ind2=" " tag="300"><subfield code="a">online resource (504 p.)</subfield></datafield><datafield ind1=" " ind2=" " tag="500"><subfield code="a">Bookplate of Lutfi M. Sa&#699;di.</subfield><subfield code="5">DNLM</subfield></datafield><datafield ind1=" " ind2=" " tag="500"><subfield code="a">Part of the Arabic Collections Online (ACO) project, contributed by Columbia University Libraries.</subfield></datafield><datafield ind1=" " ind2=" " tag="533"><subfield code="a">Electronic reproduction.</subfield><subfield code="b">New York, N.Y. :</subfield><subfield code="c">New York University,</subfield><subfield code="d">2015.</subfield><subfield code="5">NNU</subfield></datafield><datafield ind1="1" ind2="2" tag="650"><subfield code="a">Arabs</subfield><subfield code="v">Biography.</subfield></datafield><datafield ind1="1" ind2="2" tag="650"><subfield code="a">Islam</subfield><subfield code="v">Biography.</subfield></datafield><datafield ind1=" " ind2="0" tag="651"><subfield code="a">Islamic Empire</subfield><subfield code="x">History</subfield><subfield code="y">622-661.</subfield></datafield><datafield ind1=" " ind2="0" tag="650"><subfield code="a">Caliphs</subfield><subfield code="v">Biography.</subfield></datafield><datafield ind1=" " ind2="0" tag="650"><subfield code="a">Caliphate.</subfield></datafield><datafield ind1=" " ind2="7" tag="650"><subfield code="a">Caliphate.</subfield><subfield code="2">fast</subfield><subfield code="0">(OCoLC)fst00844315</subfield></datafield><datafield ind1=" " ind2="7" tag="650"><subfield code="a">Caliphs.</subfield><subfield code="2">fast</subfield><subfield code="0">(OCoLC)fst00844318</subfield></datafield><datafield ind1=" " ind2="7" tag="651"><subfield code="a">Islamic Empire.</subfield><subfield code="2">fast</subfield><subfield code="0">(OCoLC)fst01244134</subfield></datafield><datafield ind1=" " ind2="7" tag="648"><subfield code="a">622 - 661</subfield><subfield code="2">fast</subfield></datafield><datafield ind1=" " ind2="7" tag="655"><subfield code="a">Biography.</subfield><subfield code="2">fast</subfield><subfield code="0">(OCoLC)fst01423686</subfield></datafield><datafield ind1=" " ind2="7" tag="655"><subfield code="a">History.</subfield><subfield code="2">fast</subfield><subfield code="0">(OCoLC)fst01411628</subfield></datafield><datafield ind1="1" ind2=" " tag="700"><subfield code="6">880-04</subfield><subfield code="a">Sa&#699;di&#772;, Lut&#803;fi&#772; M.,</subfield><subfield code="e">former owner.</subfield><subfield code="5">DNLM</subfield></datafield><datafield ind1="2" ind2=" " tag="710"><subfield code="a">Columbia University.</subfield><subfield code="b">Libraries.</subfield></datafield><datafield ind1="0" ind2=" " tag="730"><subfield code="a">Arabic Collections Online.</subfield></datafield><datafield ind1="0" ind2="8" tag="776"><subfield code="i">Print version:</subfield><subfield code="a">Najja&#772;r, &#699;Abd al-Wahha&#772;b.</subfield><subfield code="t">al-Ta&#772;ri&#772;kh al-Isla&#772;m</subfield><subfield code="w">(NNC)3170735</subfield><subfield code="w">(OCoLC)49376188</subfield></datafield><datafield ind1="4" ind2="0" tag="856"><subfield code="u">http://hdl.handle.net/2333.1/jh9w0xn8</subfield></datafield><datafield ind1="1" ind2=" " tag="880"><subfield code="6">100-01/r</subfield><subfield code="a">&#1606;&#1580;&#1575;&#1585;&#1548; &#1593;&#1576;&#1583; &#1575;&#1604;&#1608;&#1607;&#1575;&#1576;.</subfield></datafield><datafield ind1="1" ind2="2" tag="880"><subfield code="6">245-02/r</subfield><subfield code="a">&#1575;&#1604;&#1578;&#1575;&#1585;&#1610;&#1582; &#1575;&#1604;&#1575;&#1587;&#1604;&#1575;&#1605; :</subfield><subfield code="b">&#1575;&#1604;&#1582;&#1604;&#1601;&#1575;&#1569; &#1575;&#1604;&#1585;&#1575;&#1588;&#1583;&#1608;&#1606; /</subfield><subfield code="c">&#1578;&#1571;&#1604;&#1610;&#1601; &#1593;&#1576;&#1583; &#1575;&#1604;&#1608;&#1607;&#1575;&#1576; &#1575;&#1604;&#1606;&#1580;&#1575;&#1585;.</subfield></datafield><datafield ind1=" " ind2=" " tag="880"><subfield code="6">260-03/r</subfield><subfield code="a">&#1575;&#1604;&#1602;&#1575;&#1607;&#1585;&#1577; :</subfield><subfield code="b">&#1575;&#1604;&#1605;&#1591;&#1576;&#1593;&#1577; &#1575;&#1604;&#1587;&#1604;&#1601;&#1610;&#1577; &#1608;&#1605;&#1603;&#1578;&#1576;&#1578;&#1607;&#1575;&#1548;</subfield><subfield code="c">1348 [1929 or 1930]</subfield></datafield><datafield ind1="1" ind2=" " tag="880"><subfield code="6">700-04/r</subfield><subfield code="a">&#1587;&#1593;&#1583;&#1610;&#1548; &#1604;&#1591;&#1601;&#1610; &#1605;.</subfield></datafield><datafield ind1=" " ind2=" " tag="959"><subfield code="a">NNU</subfield><subfield code="b">WEB</subfield><subfield code="c">GENI</subfield><subfield code="t">0</subfield><subfield code="m">Electronic access</subfield><subfield code="s">01</subfield></datafield><datafield ind1=" " ind2=" " tag="999"><subfield code="i">NNC_3170735</subfield><subfield code="o">(OCoLC)49376188</subfield><subfield code="s">columbia_aco000172</subfield></datafield></record>